<?xml version="1.0" encoding="UTF-8"?><record xmlns="http://www.loc.gov/MARC21/slim" xmlns:cinclude="http://apache.org/cocoon/include/1.0" xmlns:zs="http://www.loc.gov/zing/srw/">
  <leader>00348cz  a2200121n  4500</leader>
  <controlfield tag="001">n  92058043 </controlfield>
  <controlfield tag="003">DLC</controlfield>
  <controlfield tag="005">19920605105437.8</controlfield>
  <controlfield tag="008">920529n| acannaab|          |n aac |||  </controlfield>
  <datafield tag="010" ind1=" " ind2=" ">
    <subfield code="a">n  92058043 </subfield>
  </datafield>
  <datafield tag="040" ind1=" " ind2=" ">
    <subfield code="a">DLC</subfield>
    <subfield code="c">DLC</subfield>
    <subfield code="d">DLC</subfield>
  </datafield>
  <datafield tag="100" ind1="1" ind2="0">
    <subfield code="a">Fedorkina, Svetlana Grigorʹevna</subfield>
  </datafield>
  <datafield tag="670" ind1=" " ind2=" ">
    <subfield code="a">Ėstafeta pokoleniĭ, c1991:</subfield>
    <subfield code="b">colophon (Svetlana Grigorʹevna Fedorkina)</subfield>
  </datafield>
</record>